@article{zaharia2016apache,
	title={Apache spark: a unified engine for big data processing},
	author={Zaharia, Matei and Xin, Reynold S and Wendell, Patrick and Das, Tathagata and Armbrust, Michael and Dave, Ankur and Meng, Xiangrui and Rosen, Josh and Venkataraman, Shivaram and Franklin, Michael J and others},
	journal={Communications of the ACM},
	volume={59},
	number={11},
	pages={56--65},
	year={2016},
	publisher={ACM New York, NY, USA},
	doi = {10.1145/2934664}
}

@inproceedings{zaharia2010spark,
	title={Spark: Cluster computing with working sets},
	author={Zaharia, Matei and Chowdhury, Mosharaf and Franklin, Michael J and Shenker, Scott and Stoica, Ion},
	booktitle={2nd USENIX Workshop on Hot Topics in Cloud Computing (HotCloud 10)},
	year={2010}
}

@article{dean2008mapreduce,
	title={MapReduce: simplified data processing on large clusters},
	author={Dean, Jeffrey and Ghemawat, Sanjay},
	journal={Communications of the ACM},
	volume={51},
	number={1},
	pages={107--113},
	year={2008},
	publisher={ACM New York, NY, USA}
}